@misc{online:ElabLongTerm,
author = {Wöhner GmbH $\&$ Co. KG},
year = 2016,
title = {{Issuing of a longterm supplier’s declaration}},
howpublished = {\url{http://www.woehner.de/fileadmin/Downloads/08_Langzeitlieferantenerkl%C3%A4rung/04_Elaboration_of_long_term_suppliers_declaration.pdf}},
note = {(Accessed on 11/22/2016)}
}

@misc{online:GlobalTrade,
author = {SAP SE},
year = 2016,
title = {{Global Trade Management $\&$ SCM - Compliance}},
howpublished = {\url{http://go.sap.com/product/analytics/global-trade-management.html}},
note = {(Accessed on 11/23/2016)}
}

@manual{manual:GTS100,
	author       = {SAP SE},    
  title        = {{Unit 4 - Origin of Goods and Preferences}},
  organization = {SAP AG},
  year         = {2010},
  note         = {Internal GTS manual for SAP Partner}
}

@book{book:AussenhandelMitSAPGTS,
  author    = {Christiane Schnellenbach}, 
  title     = {{Außenhandel mit SAP GTS}},
  publisher = {Galileo Press},
  year      = {2015},
	edition   = {1},
	address   = {Bonn},
  isbn      = {978-3-8362-2889-3}
}

@book{book:JavaPersistenceAPI2,
  author    = {Prof.~Dr. Bern Müller and Harald Wehr}, 
  title     = {{Java Persistence API 2}},
  publisher = {Hanser Fachbuchverlag},
  year      = {2012},
	edition   = {1},
	address   = {München},
  isbn      = {978-3-8362-2889-3}
}

@misc{online:SAPFiori,
author = {SAP SE},
title = {{SAP Fiori}},
howpublished = {\url{http://www.sapui5.org/sapui5blogs/sap-fiori}},
year = {2016},
note = {(Accessed on 11/28/2016)}
}

@misc{online:SAPUI5,
author = {SAP SE},
title = {{SAPUI5}},
howpublished = {\url{http://go.sap.com/community/topic/ui5.html}},
year = {2016},
note = {(Accessed on 11/29/2016)}
}

@misc{online:SAPHANA,
author = {Andreas Schmitz},
title = {{Was ist eigentlich SAP HANA?}},
howpublished = {\url{http://news.sap.com/germany/ist-eigentlich-sap-hana}},
day = {07},
month = {09},
year = {2015},
note = {(Accessed on 11/29/2016)}
}

@book{book:Git,
  Author = {René Preißel and Bjørn Stachmann},
  Title = {{Git: Dezentrale Versionsverwaltung im Team Grundlagen und Workflows}},
  Publisher = {dpunkt.verlag},
  Year = {2016},
	edition = 3,
	address = {Heidelberg},
  ISBN = {978-3-86490-311-3}
}

@misc{online:HCPJava,
author = {Jim Jaquet},
title = {{Configuring Eclipse with SAP HANA Cloud Platform Tools for Java}},
howpublished = {\url{http://go.sap.com/developer/tutorials/hcp-java-eclipse-setup.html}},
day = {22},
month = {08},
year = {2016},
note = {(Accessed on 12/05/2016)}
}

@book{book:RestUndHttp,
  Author = {Stefan Tilkov and Martin Eigenbrodt and Silvia Schreier and Oliver Wolf},
  Title = {{REST und HTTP: Entwicklung und Integration nach dem Architekturstil des Web}},
  Publisher = {dpunkt.verlag},
  Year = {2015},
	edition = 3,
	address = {Heidelberg},
  ISBN = {978-3-86490-120-1}
}

@misc{online:MultiTenancy,
author = {Martin Hermes},
title = {{Multi Tenancy Guide for SAP HANA Cloud Platform - Java Platform as a Service}},
day = {07},
month = {03},
year = {2016},
note = {(Accessed on 12/05/2016)}
}

@misc{online:PersistenceWIKI,
author = {Wikipedia},
title = {{Persistence (computer science)}},
howpublished = {\url{https://en.wikipedia.org/w/index.php?title=Persistence_(computer_science)&oldid=756868045}},
year = {2016 },
note = {(Accessed on 12/06/2016)}
}


@book{book:JavaPersistenceWithJPA,
  Author = {Ph.~D. Daoqi Yang},
  Title = {{Java Persistence with JPA}},
  Publisher = {Outskirts Press},
	edition = {2},
	address = {Denver, Colorado},
  Year = {2010},
  ISBN = {978-1-4327-5585-0},
}

@misc{online:SQirreL,
author = {Gerd Wagner and Glenn Griffin},
title = {{SQuirreL, a Universal SQL Client}},
howpublished = {\url{http://squirrel-sql.sourceforge.net/paper/SQuirreL_us.pdf}},
day = {15},
month = {04},
year = {2009},
note = {(Accessed on 12/07/2016)}
}


@misc{online:HastaLaVista,
     author  = {Bernd Müller},
     title   = {{Hasta la vista Mandantenfähigkeit?}},
     publisher = {Presented at the Java Forum Stuttgart 4.7.2013},
    howpublished = {\url{http://2013.java-forum-stuttgart.de/_data/F6-Bernd_Mueller_2013.pdf}},
		year    = {2013},
		note = {(Accessed on 12/07/2016)}
}

@misc{online:EclipselinkSTMT,
author = {The Eclipse Foundation},
title = {{Using Single-Table Multi-Tenancy - EclipseLink 2.5.x Understanding EclipseLink}},
howpublished = {\url{https://www.eclipse.org/eclipselink/documentation/2.5/solutions/multitenancy002.htm}},
day = {22},
month = {04},
year = {2015},
note = {(Accessed on 12/08/2016)}
}

@misc{online:Eclipselink252,
author = {The Eclipse Foundation},
title = {{EclipseLink 2.5.2 Release}},
howpublished = {\url{http://www.eclipse.org/eclipselink/releases/2.5.php}},
day = {05},
month = {07},
year = {2014},
note = {(Accessed on 12/08/2016)}
}

@misc{online:OASIS,
author = {OASIS},
title = {{About Us}},
howpublished = {\url{https://www.oasis-open.org/org}},
year = {2016},
note = {(Accessed on 12/08/2016)}
}

@misc{online:RESTful,
author = {Martin Helmich},
title = {{RESTful Webservices: Was ist das überhaupt? Webhosting, CMS, E-Commerce}},
howpublished = {\url{https://www.mittwald.de/blog/webentwicklung-webdesign/webentwicklung/restful-webservices-1-was-ist-das-uberhaupt}},
day = {12},
month = {03},
year = {2013},
note = {(Accessed on 12/08/2016)}
}

@phdthesis{phdthesis:disertationOfNWSA,
author = {Roy Thomas Fielding},
school = {University of California, Irvine},
title = {{Architectural Styles and the Design of Network-based Software Architectures}},
howpublished = {\url{http://jpkc.fudan.edu.cn/picture/article/216/35/4b/22598d594e3d93239700ce79bce1/7ed3ec2a-03c2-49cb-8bf8-5a90ea42f523.pdf}},
year = {2000},
note = {(Accessed on 12/08/2016)}
}

@misc{online:OData,
author = {OData},
title = {{OData - the Best Way to REST}},
howpublished = {\url{http://www.odata.org/}},
year = {2015},
note = {(Accessed on 12/08/2016)}
}

@misc{online:ODataHeise,
author = {Michael Bolz},
title = {{Daten exponieren mit OData und Apache Olingo}},
howpublished = {\url{https://www.heise.de/developer/artikel/Daten-exponieren-mit-OData-und-Apache-Olingo-2190973.html}},
day = {20},
month = {05},
year = {2014},
note = {(Accessed on 12/08/2016)}
}

@misc{online:ODataHeisePraxis,
author = {Michael Bolz},
title = {{OData und Apache Olingo in der Praxis}},
howpublished = {\url{https://www.heise.de/developer/artikel/OData-und-Apache-Olingo-in-der-Praxis-2220681.html}},
day = {13},
month = {06},
year = {2014},
note = {(Accessed on 01/30/2017)}
}

@misc{online:ApacheOlingo,
author = {The Apache Software Foundation},
title = {{Apache Olingo library}},
howpublished = {\url{https://olingo.apache.org/}},
year = {2015},
note = {(Accessed on 12/08/2016)}
}

@misc{online:SAPOData,
author = {Jens Huesken},
title = {{SAP OData Library Contributed to Apache Olingo - SAP Blogs}},
howpublished = {\url{https://blogs.sap.com/2013/08/12/sap-odata-library-java-contributed-to-open-source/}},
day = {12},
month = {08},
year = {2013},
note = {(Accessed on 12/08/2016)}
}

@misc{online:SAPNetWeaver,
author = {Ralf Handl},
title = {{SAP NetWeaver Gateway speaks OData with SAP Annotations - SAP Blogs}},
howpublished = {\url{https://blogs.sap.com/2011/06/09/sap-netweaver-gateway-speaks-odata-with-sap-annotations/}},
day = {09},
month = {06},
year = {2011},
note = {(Accessed on 12/08/2016)}
}

@misc{online:SAPHCPEssentionalsWeek1Unit2,
author = {openSAP},
title = {{Week 1 Unit 2: Developing in Your Account - SAP HANA Cloud Platform Essentials}},
howpublished = {\url{https://open.sap.com/courses/hcp1/items/6K2SULmAP9G4bLstsnKGcR}},
day = {10},
month = {05},
year = {2016},
note = {(Accessed on 12/20/2016)}
}

@misc{online:SAPHCPEssentionalsWeek1Unit1,
author = {openSAP},
title = {{Week 1 Unit 1: SAP HANA Cloud Platform Basics - SAP HANA Cloud Platform Essentials}},
howpublished = {\url{https://open.sap.com/courses/hcp1/items/1VnT5sMfmYHLUtcsUCluRm}},
day = {10},
month = {05},
year = {2016},
note = {(Accessed on 12/09/2016)}
}

@misc{online:SAPHCPEssentionalsWeek1Unit3,
author = {openSAP},
title = {{Week 1 Unit 3: Deploying Your First HTML5 Application - SAP HANA Cloud Platform Essentials}},
howpublished = {\url{https://open.sap.com/courses/hcp1/items/5jpjAsCOSEleiMp3XljnZe}},
day = {10},
month = {05},
year = {2016},
note = {(Accessed on 12/09/2016)}
}

@misc{online:SAPHCPEssetionalsWeek2Unit1,
author = {openSAP},
title = {{Week 2 Unit 1: Security Concept - SAP HANA Cloud Platform Essentials}},
howpublished = {\url{https://open.sap.com/courses/hcp1/items/3RwOCbE4BYbpuEBoPIUNqK}},
day = {10},
month = {05},
year = {2016},
note = {(Accessed on 12/09/2016)}
}

@misc{online:SAPHCPEssetionalsWeek2Unit2,
author = {openSAP},
title = {{Week 2 Unit 2: Securing HTML5 Appst - SAP HANA Cloud Platform Essentials}},
howpublished = {\url{https://open.sap.com/courses/hcp1/items/VuFMKEEQftbFrHqd8pdtB}},
day = {10},
month = {05},
year = {2016},
note = {(Accessed on 12/27/2016)}
}

@misc{online:SAPHCPEssetionalsWeek2Unit3,
author = {openSAP},
title = {{Week 2 Unit 3: Securing Java Apps - SAP HANA Cloud Platform Essentials}},
howpublished = {\url{https://open.sap.com/courses/hcp1/items/3OqdPIirBGxAGnc5I3FUIY}},
day = {10},
month = {05},
year = {2016},
note = {(Accessed on 12/27/2016)}
}

@misc{online:XSJS,
author = {SAPHANATutorial.com},
title = {{SAP HANA XSJS Service}},
howpublished = {\url{http://saphanatutorial.com/sap-hana-xsjs-service/}},
year = {2016},
note = {(Accessed on 12/09/2016)}
}

@misc{unpublished:PowerPointInteraction,
  author       = {Frank Beunings}, 
  title        = {{SAP Global Trade Services, vendor declarations, cloud edition}},
  howpublished = {Unpublished internal document},
	note         = {(Accessed on 12/13/2016)},
  day 				 = {23},
	month        = {03},
  year         = {2016}
}

@misc{online:freeIDEjava,
author = {Alex Marshall},
title = {{The top 11 Free IDE for Java Coding, Development \& Programming}},
howpublished = {\url{https://blog.idrsolutions.com/2015/03/the-top-11-free-ide-for-java-coding-development-programming/}},
day = {26},
month = {03},
year = {2015},
note = {(Accessed on 12/16/2016)}
}

@book{book:SAPHCP,
  Author = {James Wood},
  Title = {{SAP HANA Cloud Platform}},
  Publisher = {Rheinwerk Publishing},
	edition = {1},
	address = {Bonn},
  day = {27},
	moth = {06},
	Year = {2015},
  ISBN = {978-3-8362-3862-5},
}

@misc{online:SAPHCPDEVTOOLS,
author = {SAP SE},
title = {{SAP Development Tools}},
howpublished = {\url{https://tools.hana.ondemand.com/#}},
year = {2016},
note = {(Accessed on 12/19/2016)}
}

@misc{online:Postman,
author = {Postdot Technologies, Inc.},
title = {{Postman - Supercharge your API workflow}},
howpublished = {\url{https://www.getpostman.com/}},
year = {2016},
note = {(Accessed on 12/19/2016)}
}

@misc{online:HCPCloudDocumentation,
author = {SAP SE},
title = {{SAP HANA Cloud Documentation}},
howpublished = {\url{https://help.hana.ondemand.com/}},
day = {07},
month = {12},
year = {2016},
note = {(Accessed on 12/19/2016)}
}

@misc{online:ZENDAS,
author = {ZENDAS},
title = {{ZENDAS Was sind personenbezogene Daten? (Datenschutz in der Hochschule)}},
howpublished = {\url{http://www.zendas.de/themen/personenbezogene_daten/}},
year = {2016},
note = {(Accessed on 12/27/2016)}
}

@misc{online:GoogleCloud,
author = {Google Cloud Platform},
title = {{The Deployment Descriptor: web.xml - App Engine standard environment for Java}},
howpublished = {\url{https://cloud.google.com/appengine/docs/java/config/webxml}},
day = {04},
month = {10},
year = {2016},
note = {(Accessed on 12/27/2016)}
}

@misc{online:RestWIKI,
author = {Wikipedia},
title = {{Representational State Transfer}},
howpublished = {\url{https://de.wikipedia.org/w/index.php?title=Representational_State_Transfer&oldid=160658483}},
day = {14},
month = {12},
year = {2016},
note = {(Accessed on 01/02/2017)}
}

@misc{online:JNDIWIKI,
author = {Wikipedia},
title = {{Java Naming and Directory Interface}},
howpublished = {\url{https://en.wikipedia.org/w/index.php?title=Java_Naming_and_Directory_Interface&oldid=755419961}},
day = {17},
month = {12},
year = {2016},
note = {(Accessed on 01/05/2017)}
}


@misc{online:VersionControlWIKI,
author = {Wikipedia},
title = {{Version control}},
howpublished = {\url{https://en.wikipedia.org/w/index.php?title=Version_control&oldid=758181018}},
day = {03},
month = {01},
year = {2017},
note = {(Accessed on 01/09/2017)}
}

@misc{online:Maven,
author = {The Apache Software Foundation},
title = {{Maven – Welcome to Apache Maven}},
howpublished = {\url{https://maven.apache.org/index.html}},
day = {08},
month = {01},
year = {2017},
note = {(Accessed on 01/09/2017)}
}

@misc{unpublished:internalMultiTenancyGuide,
  author       = {Martin Hermes}, 
  title        = {{Multi Tenancy Guide for SAP HANA Cloud Platform}},
  howpublished = {Unpublished internal wiki document},
  day 				 = {07},
	month        = {03},
  year         = {2016},
	note = {(Accessed on 01/11/2017)}
}

@misc{online:Nexus,
author = {Manfred Moser and Dulani Wallace},
title = {{Nexus Documentation - Nexus Repository Manager 3.2}},
howpublished = {\url{https://books.sonatype.com/nexus-book/reference3/index.html}},
day = {11},
month = {01},
year = {2017},
note = {(Accessed on 01/12/2017)}
}

@misc{online:OnboardingWIKI,
author = {Wikipedia},
title = {{Onboarding}},
howpublished = {\url{https://en.wikipedia.org/w/index.php?title=Onboarding&oldid=758195959}},
day = {04},
month = {01},
year = {2017},
note = {(Accessed on 01/13/2017)}
}

@misc{online:EclipseipediaSTMT,
author = {Karen Moore and Ben Gelernter},
title = {{EclipseLink Documentation - Single-Table Multi-Tenancy}},
howpublished = {\url{http://wiki.eclipse.org/EclipseLink/UserGuide/JPA/Advanced_JPA_Development/Single-Table_Multi-Tenancy}},
day = {26},
month = {11},
year = {2011},
note = {(Accessed on 01/22/2017)}
}

@misc{online:TablePerTenant,
author = {The Eclipse Foundation},
title = {{Using Table-Per-Tenant Multi-Tenancy - EclipseLink 2.5.x Understanding EclipseLink}},
howpublished = {\url{http://www.eclipse.org/eclipselink/documentation/2.5/solutions/multitenancy003.htm}},
day = {04},
month = {08},
year = {2016},
note = {(Accessed on 01/23/2017)}
}

@misc{online:DesignPatterns,
author = {Carl Rabeler and Kristine Toliver},
title = {{Design patterns for multitenant SaaS applications and Azure SQL Database}},
howpublished = {\url{https://docs.microsoft.com/en-us/azure/sql-database/sql-database-design-patterns-multi-tenancy-saas-applications}},
day = {08},
month = {11},
year = {2016},
note = {(Accessed on 01/23/2017)}
}

@misc{online:eclipselinkAnnotations,
author = {The Eclipse Foundation},
title = {{Table of Contents - EclipseLink 2.5.x Java Persistence API (JPA) Extensions Reference}},
howpublished = {\url{https://www.eclipse.org/eclipselink/documentation/2.5/jpa/extensions/toc.htm}},
day = {27},
month = {04},
year = {2015},
note = {(Accessed on 01/26/2017)}
}

@misc{online:JPAAnnotations,
author = {ObjectDB Software},
title = {{JPA 2 Annotations - The Complete Reference}},
howpublished = {\url{http://www.objectdb.com/api/java/jpa/annotations}},
note = {(Accessed on 01/26/2017)}
}

@misc{online:ddlgeneration,
author = {The Eclipse Foundation},
title = {{DDL-generation - EclipseLink 2.4.x Java Persistence API (JPA) Extensions Reference}},
howpublished = {\url{http://www.eclipse.org/eclipselink/documentation/2.4/jpa/extensions/p_ddl_generation.htm}},
day = {27},
month = {04},
year = {2015},
note = {(Accessed on 01/26/2017)}
}

@misc{online:OracleIndirection,
author = {Oracle},
title = {{Understanding the Persistence Unit}},
howpublished = {\url{https://docs.oracle.com/middleware/1213/toplink/concepts/app_dev.htm#OTLCG94272}},
pages = {7},
year = {2015},
note = {(Accessed on 01/26/2017)}
}

@misc{online:EclipseLinkWeaving,
author = {The Eclipse Foundation},
title = {{weaving.eager - EclipseLink 2.4.x Java Persistence API (JPA) Extensions Reference}},
howpublished = {\url{http://www.eclipse.org/eclipselink//documentation/2.4/jpa/extensions/p_weaving_eager.htm}},
day = {27},
month = {04},
year = {2015},
note = {(Accessed on 01/26/2017)}
}

@misc{online:WikiDI,
author = {Wikipedia},
title = {{Dependency injection}},
howpublished = {\url{https://en.wikipedia.org/w/index.php?title=Dependency_injection&oldid=761366923}},
day = {22},
month = {01},
year = {2017},
note = {(Accessed on 01/27/2017)}
}

@misc{online:MavenPOM,
author = {The Apache Software Foundation},
title = {{Maven – Introduction to the POM}},
howpublished = {\url{https://maven.apache.org/guides/introduction/introduction-to-the-pom.html}},
day = {30},
month = {01},
year = {2017},
note = {(Accessed on 02/05/2017)}
}

@misc{online:WIKIdeployment,
author = {Wikipedia},
title = {{Deployment Descriptor}},
howpublished = {\url{https://de.wikipedia.org/w/index.php?title=Deployment_Descriptor&oldid=117052573}},
day = {04},
month = {04},
year = {2013},
note = {(Accessed on 02/06/2017)}
}

@misc{online:PersistenceUnitProps,
author = {EclipseLink API Reference},
title = {{PersistenceUnitProperties (EclipseLink 2.4.2 API Reference)}},
howpublished = {\url{http://www.eclipse.org/eclipselink/api/2.4/org/eclipse/persistence/config/PersistenceUnitProperties.html}},
note = {(Accessed on 02/07/2017)}
}

@misc{online:saphcpCFandOS,
author = {Rui Nogueira},
title = {{Continuous evolution on SAP HANA Cloud Platform with Cloud Foundry and OpenStack}},
howpublished = {\url{https://blogs.sap.com/2015/09/17/continuous-evolution-on-sap-hana-cloud-platform-with-cloud-foundry-and-openstack/}},
day = {17},
month = {09},
year = {2015},
note = {(Accessed on 02/09/2017)}
}

@misc{online:MockWiki,
author = {Wikipedia},
title = {Mock-Objekt},
howpublished = {\url{https://de.wikipedia.org/w/index.php?title=Mock-Objekt&oldid=157879922}},
day = {12},
month = {09},
year = {2016},
note = {(Accessed on 02/17/2017)}
}

@misc{online:MavenScopes,
author = {The Apache Software Foundation},
title = {Maven – Introduction to the Dependency Mechanism},
howpublished = {\url{https://maven.apache.org/guides/introduction/introduction-to-dependency-mechanism.html}},
day = {12},
month = {02},
year = {2017},
note = {(Accessed on 02/21/2017)}
}

@misc{online:JavaClassloaderWIKI,
author = {Wikipedia},
title = {Java Classloader},
howpublished = {\url{https://en.wikipedia.org/w/index.php?title=Java_Classloader&oldid=767519719}},
day = {26},
month = {02},
year = {2017},
note = {(Accessed on 02/27/2017)}
}